{
  "body": {
    "data": [
      {
        "data": {
          "data": {
            "cost": 3323.06,
            "end_date": "2021-11-26T00:00:00-08:00",
            "margin": 75.46,
            "order": 359,
            "profit": 4177.14,
            "refunds": 0,
            "revenue": 13541.41,
            "start_date": "2021-11-27T00:00:00-08:00",
            "units": 447
          },
          "com_data": {
            "cost": 13298.34,
            "end_date": "2021-11-24T00:00:00-08:00",
            "margin": 72.83,
            "order": 1425,
            "profit": 27584.87,
            "refunds": 0,
            "revenue": 48951.72,
            "start_date": "2021-11-26T00:00:00-08:00",
            "units": 1795
          }
        },
        "config": {
          "currency__country": "United States of America",
          "is_global": false,
          "market": "ATVPDKIKX0DER",
          "seller": "A38V7SOCF2OM8H",
          "seller_alias": "F Stop Labs",
          "type": "Yesterday"
        }
      },
      {
        "data": {
          "data": {
            "cost": 0,
            "end_date": "2021-10-28T00:00:00-07:00",
            "margin": 0,
            "order": 0,
            "profit": 0,
            "refunds": 0,
            "revenue": 0,
            "start_date": "2021-11-27T00:00:00-08:00",
            "units": 0
          },
          "com_data": {
            "cost": 0,
            "end_date": "2021-09-27T00:00:00-07:00",
            "margin": 100,
            "order": 15,
            "profit": -2240.58,
            "refunds": 0,
            "revenue": 299.83,
            "start_date": "2021-10-28T00:00:00-07:00",
            "units": 17
          }
        },
        "config": {
          "currency__country": "Canada",
          "is_global": false,
          "market": "A2EUQ1WTGCTBG2",
          "seller": "A829LASCGAQN4",
          "seller_alias": "LITTLE YOYO",
          "type": "Last 30 Days"
        }
      },
      {
        "data": {
          "data": {
            "cost": 0,
            "end_date": "2021-07-01T00:00:00-07:00",
            "margin": 100,
            "order": 372,
            "profit": 9126.72,
            "refunds": 13,
            "revenue": 11140.08,
            "start_date": "2021-09-30T00:00:00-07:00",
            "units": 394
          },
          "com_data": {
            "cost": 0,
            "end_date": "2021-03-31T00:00:00-07:00",
            "margin": 100,
            "order": 180,
            "profit": 2929.16,
            "refunds": 0,
            "revenue": 3800.19,
            "start_date": "2021-07-01T00:00:00-07:00",
            "units": 181
          }
        },
        "config": {
          "currency__country": "United States of America",
          "is_global": false,
          "market": "ATVPDKIKX0DER",
          "seller": "AH17ZCMTFRSV4",
          "seller_alias": "GTGROUP",
          "type": "Last Quarter"
        }
      },
      {
        "data": {
          "data": {
            "cost": 153160.15,
            "end_date": "2021-10-01T00:00:00-05:00",
            "margin": 73.9,
            "order": 732,
            "profit": 267069.67,
            "refunds": 0,
            "revenue": 586710.85,
            "start_date": "2021-10-31T00:00:00-05:00",
            "units": 889
          },
          "com_data": {
            "cost": 166142.35,
            "end_date": "2021-08-31T00:00:00-05:00",
            "margin": 73.42,
            "order": 804,
            "profit": 282728.07,
            "refunds": 0,
            "revenue": 624959.73,
            "start_date": "2021-10-01T00:00:00-05:00",
            "units": 949
          }
        },
        "config": {
          "currency__country": "Mexico",
          "is_global": false,
          "market": "A1AM78C64UM0Y8",
          "seller": "A38V7SOCF2OM8H",
          "seller_alias": "F Stop Labs",
          "type": "Last Month"
        }
      },
      {
        "data": {
          "data": {
            "cost": 0,
            "end_date": "2021-01-01T00:00:00-08:00",
            "margin": 0,
            "order": 0,
            "profit": 0,
            "refunds": 0,
            "revenue": 0,
            "start_date": "2021-11-27T00:00:00-08:00",
            "units": 0
          },
          "com_data": {
            "cost": 0,
            "end_date": "2020-02-05T00:00:00-08:00",
            "margin": 0,
            "order": 0,
            "profit": 0,
            "refunds": 0,
            "revenue": 0,
            "start_date": "2021-01-01T00:00:00-08:00",
            "units": 0
          }
        },
        "config": {
          "currency__country": "Canada",
          "is_global": false,
          "market": "A2EUQ1WTGCTBG2",
          "seller": "A3OQFKFXQW7IBQ",
          "seller_alias": "Twinkle Star",
          "type": "This Year To Date"
        }
      },
      {
        "data": {
          "data": {
            "cost": 2410380.32,
            "end_date": "2019-12-31T00:00:00-08:00",
            "margin": 68.4,
            "order": 271913,
            "profit": 4862185.74,
            "refunds": 0,
            "revenue": 7628962.53,
            "start_date": "2020-12-31T00:00:00-08:00",
            "units": 308110
          },
          "com_data": {
            "cost": 9482.49,
            "end_date": "2018-12-29T00:00:00-08:00",
            "margin": 65.68,
            "order": 1043,
            "profit": 9951.47,
            "refunds": 0,
            "revenue": 27627.96,
            "start_date": "2019-12-31T00:00:00-08:00",
            "units": 1139
          }
        },
        "config": {
          "currency__country": "United States of America",
          "is_global": false,
          "market": "ATVPDKIKX0DER",
          "seller": "A38V7SOCF2OM8H",
          "seller_alias": "F Stop Labs",
          "type": "Last Year"
        }
      }
    ]
  },
  "headers": {
    "content-type": "application/json",
    "transfer-encoding": "chunked",
    "connection": "keep-alive",
    "x-matched-path": "/api/analytics",
    "cache-control": "public, max-age=0, must-revalidate",
    "date": "Sun, 13 Feb 2022 12:28:05 GMT",
    "x-vercel-cache": "MISS",
    "age": "0",
    "server": "Vercel",
    "x-vercel-id": "bom1::iad1::g9nxx-1644755285078-383cff2b01c5",
    "strict-transport-security": "max-age=63072000; includeSubDomains; preload",
    "content-encoding": "gzip"
  },
  "status": 200,
  "statusText": "OK",
  "isOkStatusCode": true,
  "requestHeaders": {
    "Connection": "keep-alive",
    "user-agent": "Mozilla/5.0 (Windows NT 10.0; Win64; x64) AppleWebKit/537.36 (KHTML, like Gecko) Chrome/98.0.4758.82 Safari/537.36",
    "accept": "*/*",
    "accept-encoding": "gzip, deflate"
  },
  "duration": 495,
  "allRequestResponses": [
    {
      "Request Body": null,
      "Request Headers": {
        "Connection": "keep-alive",
        "user-agent": "Mozilla/5.0 (Windows NT 10.0; Win64; x64) AppleWebKit/537.36 (KHTML, like Gecko) Chrome/98.0.4758.82 Safari/537.36",
        "accept": "*/*",
        "accept-encoding": "gzip, deflate"
      },
      "Request URL": "https://sellerfusion-qa-test.vercel.app/api/analytics",
      "Response Body": "{\"data\":[{\"data\":{\"data\":{\"cost\":3323.06,\"end_date\":\"2021-11-26T00:00:00-08:00\",\"margin\":75.46,\"order\":359,\"profit\":4177.14,\"refunds\":0,\"revenue\":13541.41,\"start_date\":\"2021-11-27T00:00:00-08:00\",\"units\":447},\"com_data\":{\"cost\":13298.34,\"end_date\":\"2021-11-24T00:00:00-08:00\",\"margin\":72.83,\"order\":1425,\"profit\":27584.87,\"refunds\":0,\"revenue\":48951.72,\"start_date\":\"2021-11-26T00:00:00-08:00\",\"units\":1795}},\"config\":{\"currency__country\":\"United States of America\",\"is_global\":false,\"market\":\"ATVPDKIKX0DER\",\"seller\":\"A38V7SOCF2OM8H\",\"seller_alias\":\"F Stop Labs\",\"type\":\"Yesterday\"}},{\"data\":{\"data\":{\"cost\":0,\"end_date\":\"2021-10-28T00:00:00-07:00\",\"margin\":0,\"order\":0,\"profit\":0,\"refunds\":0,\"revenue\":0,\"start_date\":\"2021-11-27T00:00:00-08:00\",\"units\":0},\"com_data\":{\"cost\":0,\"end_date\":\"2021-09-27T00:00:00-07:00\",\"margin\":100,\"order\":15,\"profit\":-2240.58,\"refunds\":0,\"revenue\":299.83,\"start_date\":\"2021-10-28T00:00:00-07:00\",\"units\":17}},\"config\":{\"currency__country\":\"Canada\",\"is_global\":false,\"market\":\"A2EUQ1WTGCTBG2\",\"seller\":\"A829LASCGAQN4\",\"seller_alias\":\"LITTLE YOYO\",\"type\":\"Last 30 Days\"}},{\"data\":{\"data\":{\"cost\":0,\"end_date\":\"2021-07-01T00:00:00-07:00\",\"margin\":100,\"order\":372,\"profit\":9126.72,\"refunds\":13,\"revenue\":11140.08,\"start_date\":\"2021-09-30T00:00:00-07:00\",\"units\":394},\"com_data\":{\"cost\":0,\"end_date\":\"2021-03-31T00:00:00-07:00\",\"margin\":100,\"order\":180,\"profit\":2929.16,\"refunds\":0,\"revenue\":3800.19,\"start_date\":\"2021-07-01T00:00:00-07:00\",\"units\":181}},\"config\":{\"currency__country\":\"United States of America\",\"is_global\":false,\"market\":\"ATVPDKIKX0DER\",\"seller\":\"AH17ZCMTFRSV4\",\"seller_alias\":\"GTGROUP\",\"type\":\"Last Quarter\"}},{\"data\":{\"data\":{\"cost\":153160.15,\"end_date\":\"2021-10-01T00:00:00-05:00\",\"margin\":73.9,\"order\":732,\"profit\":267069.67,\"refunds\":0,\"revenue\":586710.85,\"start_date\":\"2021-10-31T00:00:00-05:00\",\"units\":889},\"com_data\":{\"cost\":166142.35,\"end_date\":\"2021-08-31T00:00:00-05:00\",\"margin\":73.42,\"order\":804,\"profit\":282728.07,\"refunds\":0,\"revenue\":624959.73,\"start_date\":\"2021-10-01T00:00:00-05:00\",\"units\":949}},\"config\":{\"currency__country\":\"Mexico\",\"is_global\":false,\"market\":\"A1AM78C64UM0Y8\",\"seller\":\"A38V7SOCF2OM8H\",\"seller_alias\":\"F Stop Labs\",\"type\":\"Last Month\"}},{\"data\":{\"data\":{\"cost\":0,\"end_date\":\"2021-01-01T00:00:00-08:00\",\"margin\":0,\"order\":0,\"profit\":0,\"refunds\":0,\"revenue\":0,\"start_date\":\"2021-11-27T00:00:00-08:00\",\"units\":0},\"com_data\":{\"cost\":0,\"end_date\":\"2020-02-05T00:00:00-08:00\",\"margin\":0,\"order\":0,\"profit\":0,\"refunds\":0,\"revenue\":0,\"start_date\":\"2021-01-01T00:00:00-08:00\",\"units\":0}},\"config\":{\"currency__country\":\"Canada\",\"is_global\":false,\"market\":\"A2EUQ1WTGCTBG2\",\"seller\":\"A3OQFKFXQW7IBQ\",\"seller_alias\":\"Twinkle Star\",\"type\":\"This Year To Date\"}},{\"data\":{\"data\":{\"cost\":2410380.32,\"end_date\":\"2019-12-31T00:00:00-08:00\",\"margin\":68.4,\"order\":271913,\"profit\":4862185.74,\"refunds\":0,\"revenue\":7628962.53,\"start_date\":\"2020-12-31T00:00:00-08:00\",\"units\":308110},\"com_data\":{\"cost\":9482.49,\"end_date\":\"2018-12-29T00:00:00-08:00\",\"margin\":65.68,\"order\":1043,\"profit\":9951.47,\"refunds\":0,\"revenue\":27627.96,\"start_date\":\"2019-12-31T00:00:00-08:00\",\"units\":1139}},\"config\":{\"currency__country\":\"United States of America\",\"is_global\":false,\"market\":\"ATVPDKIKX0DER\",\"seller\":\"A38V7SOCF2OM8H\",\"seller_alias\":\"F Stop Labs\",\"type\":\"Last Year\"}}]}",
      "Response Headers": {
        "content-type": "application/json",
        "transfer-encoding": "chunked",
        "connection": "keep-alive",
        "x-matched-path": "/api/analytics",
        "cache-control": "public, max-age=0, must-revalidate",
        "date": "Sun, 13 Feb 2022 12:28:05 GMT",
        "x-vercel-cache": "MISS",
        "age": "0",
        "server": "Vercel",
        "x-vercel-id": "bom1::iad1::g9nxx-1644755285078-383cff2b01c5",
        "strict-transport-security": "max-age=63072000; includeSubDomains; preload",
        "content-encoding": "gzip"
      },
      "Response Status": 200
    }
  ]
}